@article{anthisImpossibilityFairLLMs2024,
  title = {The {{Impossibility}} of {{Fair LLMs}}},
  author = {Anthis, Jacy and Lum, Kristian and Ekstrand, Michael and Feller, Avi and D'Amour, Alexander and Tan, Chenhao},
  year = {2024},
  publisher = {arXiv},
  doi = {10.48550/ARXIV.2406.03198},
  copyright = {Creative Commons Attribution 4.0 International}
}

@misc{ariaiNaturalLanguageProcessing2025,
  title = {Natural {{Language Processing}} for the {{Legal Domain}}: {{A Survey}} of {{Tasks}}, {{Datasets}}, {{Models}}, and {{Challenges}}},
  author = {Ariai, Farid and Demartini, Gianluca},
  year = {2025},
  number = {arXiv:2410.21306},
  eprint = {2410.21306},
  primaryclass = {cs},
  publisher = {arXiv},
  doi = {10.48550/arXiv.2410.21306},
  archiveprefix = {arXiv}
}

@article{babsekArtificialIntelligenceAdoption2025,
  title = {Artificial {{Intelligence Adoption}} in {{Public Administration}}: {{An Overview}} of {{Top-Cited Articles}} and {{Practical Applications}}},
  author = {Bab{\v s}ek, Matej and Rav{\v s}elj, Dejan and Umek, Lan and Aristovnik, Aleksander},
  year = {2025},
  journal = {AI},
  volume = {6},
  number = {3},
  pages = {44},
  publisher = {Multidisciplinary Digital Publishing Institute},
  issn = {2673-2688},
  doi = {10.3390/ai6030044},
  copyright = {http://creativecommons.org/licenses/by/3.0/}
}

@misc{basileLLaMAntinoLLaMA22023,
  title = {{{LLaMAntino}}: {{LLaMA}} 2 {{Models}} for {{Effective Text Generation}} in {{Italian Language}}},
  author = {Basile, Pierpaolo and Musacchio, Elio and Polignano, Marco and Siciliani, Lucia and Fiameni, Giuseppe and Semeraro, Giovanni},
  year = {2023},
  number = {arXiv:2312.09993},
  eprint = {2312.09993},
  primaryclass = {cs},
  publisher = {arXiv},
  doi = {10.48550/arXiv.2312.09993},
  archiveprefix = {arXiv}
}

@misc{bellThinkStakeholdersFirst2022,
  title = {Think {{About}} the {{Stakeholders First}}! {{Towards}} an {{Algorithmic Transparency Playbook}} for {{Regulatory Compliance}}},
  author = {Bell, Andrew and Nov, Oded and Stoyanovich, Julia},
  year = {2022},
  number = {arXiv:2207.01482},
  eprint = {2207.01482},
  primaryclass = {cs},
  publisher = {arXiv},
  doi = {10.48550/arXiv.2207.01482},
  archiveprefix = {arXiv}
}

@article{binzHowShouldAdvancement,
  title = {How Should the Advancement of Large Language Models Affect the Practice of Science?},
  author = {Binz, Marcel and Alaniz, Stephan and Roskies, Adina and Aczel, Balazs and Bergstrom, Carl T. and Allen, Colin and Schad, Daniel and Wulff, Dirk and West, Jevin D. and Zhang, Qiong and Shiffrin, Richard M. and Gershman, Samuel J. and Popov, Vencislav and Bender, Emily M. and Marelli, Marco and Botvinick, Matthew M. and Akata, Zeynep and Schulz, Eric},
  journal = {Proceedings of the National Academy of Sciences of the United States of America},
  volume = {122},
  number = {5},
  pages = {e2401227121},
  issn = {0027-8424},
  doi = {10.1073/pnas.2401227121}
}

@article{borissovPOTENTIALUSINGARTIFICAL2024,
  title = {{{POTENTIAL FOR USING ARTIFICAL INTELLIGENCE IN PUBLIC ADMINISTRATION}}},
  author = {Borissov, Borislav and Hristozov, Yanko},
  year = {2024},
  journal = {ECONOMICS - INNOVATIVE AND ECONOMICS RESEARCH JOURNAL},
  volume = {12},
  number = {3},
  pages = {409--423},
  issn = {2303-5013},
  doi = {10.2478/eoik-2024-0034},
  copyright = {Copyright (c) 2024 ECONOMICS - INNOVATIVE AND ECONOMICS RESEARCH JOURNAL}
}

@article{boyneEvaluationPublicService2002,
  title = {The {{Evaluation}} of {{Public Service Inspection}}: {{A Theoretical Framework}}},
  author = {Boyne, George and Day, Patricia and Walker, Richard},
  year = {2002},
  journal = {Urban Studies},
  volume = {39},
  number = {7},
  pages = {1197--1212},
  issn = {0042-0980, 1360-063X},
  doi = {10.1080/00420980220135563},
  copyright = {https://journals.sagepub.com/page/policies/text-and-data-mining-license}
}

@misc{bsharatPrincipledInstructionsAre2024,
  title = {Principled {{Instructions Are All You Need}} for {{Questioning LLaMA-1}}/2, {{GPT-3}}.5/4},
  author = {Bsharat, Sondos Mahmoud and Myrzakhan, Aidar and Shen, Zhiqiang},
  year = {2024},
  number = {arXiv:2312.16171},
  eprint = {2312.16171},
  primaryclass = {cs},
  publisher = {arXiv},
  doi = {10.48550/arXiv.2312.16171},
  archiveprefix = {arXiv}
}

@misc{chenSurveyLargeLanguage2024,
  title = {A {{Survey}} on {{Large Language Models}} for {{Critical Societal Domains}}: {{Finance}}, {{Healthcare}}, and {{Law}}},
  author = {Chen, Zhiyu Zoey and Ma, Jing and Zhang, Xinlu and Hao, Nan and Yan, An and Nourbakhsh, Armineh and Yang, Xianjun and McAuley, Julian and Petzold, Linda and Wang, William Yang},
  year = {2024},
  number = {arXiv:2405.01769},
  eprint = {2405.01769},
  primaryclass = {cs},
  publisher = {arXiv},
  doi = {10.48550/arXiv.2405.01769},
  archiveprefix = {arXiv}
}

@misc{chenUnleashingPotentialPrompt2024,
  title = {Unleashing the Potential of Prompt Engineering in {{Large Language Models}}: A Comprehensive Review},
  author = {Chen, Banghao and Zhang, Zhaofeng and Langren{\'e}, Nicolas and Zhu, Shengxin},
  year = {2024},
  number = {arXiv:2310.14735},
  eprint = {2310.14735},
  primaryclass = {cs},
  publisher = {arXiv},
  doi = {10.48550/arXiv.2310.14735},
  archiveprefix = {arXiv}
}

@inproceedings{cheongAIAmNot2024,
  title = {({{A}}){{I Am Not}} a {{Lawyer}}, {{But}}...: {{Engaging Legal Experts}} towards {{Responsible LLM Policies}} for {{Legal Advice}}},
  booktitle = {The 2024 {{ACM Conference}} on {{Fairness}}, {{Accountability}}, and {{Transparency}}},
  author = {Cheong, Inyoung and Xia, King and Feng, K. J. Kevin and Chen, Quan Ze and Zhang, Amy X.},
  year = {2024},
  pages = {2454--2469},
  publisher = {ACM},
  address = {Rio de Janeiro Brazil},
  doi = {10.1145/3630106.3659048},
  isbn = {979-8-4007-0450-5}
}

@article{christoforakiAIEthicsBirds2022,
  title = {{{AI Ethics}}---{{A Bird}}'s {{Eye View}}},
  author = {Christoforaki, Maria and Beyan, Oya},
  year = {2022},
  journal = {Applied Sciences},
  volume = {12},
  number = {9},
  pages = {4130},
  issn = {2076-3417},
  doi = {10.3390/app12094130},
  copyright = {https://creativecommons.org/licenses/by/4.0/}
}

@article{clavellChecklistAIAuditing,
  title = {Checklist for {{AI Auditing}}},
  author = {Clavell, Dr Gemma GALDON}
}

@misc{coglianeseRegulatingRobotAdministrative2017,
  type = {{{SSRN Scholarly Paper}}},
  title = {Regulating by {{Robot}}: {{Administrative Decision Making}} in the {{Machine-Learning Era}}},
  author = {Coglianese, Cary and Lehr, David},
  year = {2017},
  number = {2928293},
  eprint = {2928293},
  publisher = {Social Science Research Network},
  address = {Rochester, NY},
  archiveprefix = {Social Science Research Network}
}

@article{ferrarisArchitectureLanguageUnderstanding2025,
  title = {The Architecture of Language: {{Understanding}} the Mechanics behind {{LLMs}}},
  author = {Ferraris, Andrea Filippo and Audrito, Davide and Caro, Luigi Di and Poncib{\`o}, Cristina},
  year = {2025},
  journal = {Cambridge Forum on AI: Law and Governance},
  volume = {1},
  pages = {e11},
  issn = {3033-3733},
  doi = {10.1017/cfl.2024.16}
}

@misc{frankenreiterNaturalLanguageProcessing2022,
  type = {{{SSRN Scholarly Paper}}},
  title = {Natural {{Language Processing}} in {{Legal Tech}}},
  author = {Frankenreiter, Jens and Nyarko, Julian},
  year = {2022},
  number = {4027030},
  eprint = {4027030},
  publisher = {Social Science Research Network},
  address = {Rochester, NY},
  doi = {10.2139/ssrn.4027030},
  archiveprefix = {Social Science Research Network}
}

@article{hickokPublicProcurementArtificial2022,
  title = {Public Procurement of Artificial Intelligence Systems: New Risks and Future Proofing},
  author = {Hickok, Merve},
  year = {2022},
  journal = {Ai \& Society},
  pages = {1--15},
  issn = {0951-5666},
  doi = {10.1007/s00146-022-01572-2}
}

@article{holzhausenLegalAccountabilityEthical2024,
  title = {Legal {{Accountability}} and {{Ethical Considerations}} for {{Outcomes Driven}} by {{Artificial Intelligence}} in {{Business Operations}}},
  author = {Holzhausen, Matthias},
  year = {2024},
  journal = {Udayana Journal of Law and Culture},
  volume = {8},
  number = {1},
  pages = {1},
  issn = {2549-0680},
  doi = {10.24843/UJLC.2024.v08.i01.p01}
}

@article{ibrahimStaticAIEvaluations2024,
  title = {Beyond Static {{AI}} Evaluations: Advancing Human Interaction Evaluations for {{LLM}} Harms and Risks},
  author = {Ibrahim, Lujain and Huang, Saffron and Ahmad, Lama and Anderljung, Markus},
  year = {2024},
  publisher = {arXiv},
  journal = {arXiv},
  doi = {10.48550/ARXIV.2405.10632},
  copyright = {arXiv.org perpetual, non-exclusive license}
}

@misc{jiaoNavigatingLLMEthics2025,
  title = {Navigating {{LLM Ethics}}: {{Advancements}}, {{Challenges}}, and {{Future Directions}}},
  author = {Jiao, Junfeng and Afroogh, Saleh and Xu, Yiming and Phillips, Connor},
  year = {2025},
  number = {arXiv:2406.18841},
  eprint = {2406.18841},
  primaryclass = {cs},
  publisher = {arXiv},
  doi = {10.48550/arXiv.2406.18841},
  archiveprefix = {arXiv}
}

@misc{katzNaturalLanguageProcessing2023,
  title = {Natural {{Language Processing}} in the {{Legal Domain}}},
  author = {Katz, Daniel Martin and Hartung, Dirk and Gerlach, Lauritz and Jana, Abhik and II, Michael J. Bommarito},
  year = {2023},
  number = {arXiv:2302.12039},
  eprint = {2302.12039},
  primaryclass = {cs},
  publisher = {arXiv},
  doi = {10.48550/arXiv.2302.12039},
  archiveprefix = {arXiv}
}

@article{kongLargeLanguageModels2024,
  title = {Large {{Language Models}} for {{Financial}} and {{Investment Management}}: {{Models}}, {{Opportunities}}, and {{Challenges}}},
  author = {Kong, Yaxuan and Nie, Yuqi and Dong, Xiaowen and Mulvey, John M. and Poor, H. Vincent and Wen, Qingsong and Zohren, Stefan},
  year = {2024},
  journal = {The Journal of Portfolio Management},
  volume = {51},
  number = {2},
  pages = {211--231},
  issn = {0095-4918, 2168-8656},
  doi = {10.3905/jpm.2024.1.646}
}

@misc{landauChallengingMachineContestability2024,
  title = {Challenging the {{Machine}}: {{Contestability}} in {{Government AI Systems}}},
  author = {Landau, Susan and Dempsey, James X. and Kamar, Ece and Bellovin, Steven M. and Pool, Robert},
  year = {2024},
  number = {arXiv:2406.10430},
  eprint = {2406.10430},
  primaryclass = {cs},
  publisher = {arXiv},
  doi = {10.48550/arXiv.2406.10430},
  archiveprefix = {arXiv}
}

@article{liaoAITransparencyAge2024,
  title = {{{AI Transparency}} in the {{Age}} of {{LLMs}}: {{A Human-Centered Research Roadmap}}},
  author = {Liao, Q. Vera and Vaughan, Jennifer Wortman},
  year = {2024},
  journal = {Harvard Data Science Review},
  number = {Special Issue 5},
  publisher = {The MIT Press},
  issn = {2644-2353, 2688-8513},
  doi = {10.1162/99608f92.8036d03b}
}

@article{liPreTrainedLanguageModels2024,
  title = {Pre-{{Trained Language Models}} for {{Text Generation}}: {{A Survey}}},
  author = {Li, Junyi and Tang, Tianyi and Zhao, Wayne Xin and Nie, Jian-Yun and Wen, Ji-Rong},
  year = {2024},
  journal = {ACM Computing Surveys},
  volume = {56},
  number = {9},
  pages = {230:1--230:39},
  issn = {0360-0300},
  doi = {10.1145/3649449}
}

@misc{liuLostMiddleHow2023,
  title = {Lost in the {{Middle}}: {{How Language Models Use Long Contexts}}},
  author = {Liu, Nelson F. and Lin, Kevin and Hewitt, John and Paranjape, Ashwin and Bevilacqua, Michele and Petroni, Fabio and Liang, Percy},
  year = {2023},
  number = {arXiv:2307.03172},
  eprint = {2307.03172},
  primaryclass = {cs},
  publisher = {arXiv},
  doi = {10.48550/arXiv.2307.03172},
  archiveprefix = {arXiv}
}

@misc{mageshHallucinationFreeAssessingReliability2024,
  title = {Hallucination-{{Free}}? {{Assessing}} the {{Reliability}} of {{Leading AI Legal Research Tools}}},
  author = {Magesh, Varun and Surani, Faiz and Dahl, Matthew and Suzgun, Mirac and Manning, Christopher D. and Ho, Daniel E.},
  year = {2024},
  number = {arXiv:2405.20362},
  eprint = {2405.20362},
  primaryclass = {cs},
  publisher = {arXiv},
  doi = {10.48550/arXiv.2405.20362},
  archiveprefix = {arXiv}
}

@article{mumcuogluNaturalLanguageProcessing2021,
  title = {Natural Language Processing in Law: {{Prediction}} of Outcomes in the Higher Courts of {{Turkey}}},
  author = {Mumcuo{\u g}lu, Emre and {\"O}zt{\"u}rk, Ceyhun E. and Ozaktas, Haldun M. and Ko{\c c}, Aykut},
  year = {2021},
  journal = {Information Processing \& Management},
  volume = {58},
  number = {5},
  pages = {102684},
  issn = {03064573},
  doi = {10.1016/j.ipm.2021.102684}
}

@book{oecdGovernmentGlance20232023,
  title = {Government at a {{Glance}} 2023},
  author = {{OECD}},
  year = {2023},
  series = {Government at a {{Glance}}},
  publisher = {OECD},
  doi = {10.1787/3d5c5d31-en},
  isbn = {978-92-64-67279-6 978-92-64-80350-3 978-92-64-85180-1}
}

@misc{ojewaleAIAccountabilityInfrastructure2025,
  title = {Towards {{AI Accountability Infrastructure}}: {{Gaps}} and {{Opportunities}} in {{AI Audit Tooling}}},
  author = {Ojewale, Victor and Steed, Ryan and Vecchione, Briana and Birhane, Abeba and Raji, Inioluwa Deborah},
  year = {2025},
  eprint = {2402.17861},
  primaryclass = {cs},
  doi = {10.1145/3706598.3713301},
  archiveprefix = {arXiv}
}

@misc{overtonTaMPERingLargeLanguage2025,
  title = {{{TaMPERing}} with {{Large Language Models}}: {{A Field Guide}} for Using {{Generative AI}} in {{Public Administration Research}}},
  author = {Overton, Michael and Robison, Barrie and Sheneman, Lucas},
  year = {2025},
  number = {arXiv:2504.01037},
  eprint = {2504.01037},
  primaryclass = {cs},
  publisher = {arXiv},
  doi = {10.48550/arXiv.2504.01037},
  archiveprefix = {arXiv}
}

@article{padiuWhatExtentHave2024,
  title = {To {{What Extent Have LLMs Reshaped}} the {{Legal Domain So Far}}? {{A Scoping Literature Review}}},
  author = {Padiu, Bogdan and Iacob, Radu and Rebedea, Traian and Dascalu, Mihai},
  year = {2024},
  journal = {Information},
  volume = {15},
  number = {11},
  pages = {662},
  publisher = {Multidisciplinary Digital Publishing Institute},
  issn = {2078-2489},
  doi = {10.3390/info15110662},
  copyright = {http://creativecommons.org/licenses/by/3.0/}
}

@article{papageorgiouEnhancingEGovernmentServices2024,
  title = {Enhancing {{E-Government Services}} through {{State-of-the-Art}}, {{Modular}}, and {{Reproducible Architecture}} over {{Large Language Models}}},
  author = {Papageorgiou, George and Sarlis, Vangelis and Maragoudakis, Manolis and Tjortjis, Christos},
  year = {2024},
  journal = {Applied Sciences},
  volume = {14},
  number = {18},
  pages = {8259},
  publisher = {Multidisciplinary Digital Publishing Institute},
  issn = {2076-3417},
  doi = {10.3390/app14188259},
  copyright = {http://creativecommons.org/licenses/by/3.0/}
}

@article{PDFExploringLLMs2025,
  title = {({{PDF}}) {{Exploring LLMs Applications}} in {{Law}}: {{A Literature Review}} on {{Current Legal NLP Approaches}}},
  year = {2025},
  journal = {ResearchGate},
  doi = {10.1109/ACCESS.2025.3533217}
}

@misc{PDFModernizingTaxation2025,
  title = {({{PDF}}) {{Modernizing Taxation}}, {{Fraud Detection}}, and {{Revenue Management}} in {{Public Institutions Using AI-Driven Approaches}}},
  year = {2025},
  journal = {ResearchGate},
  howpublished = {https://www.researchgate.net/publication/387756419\_Modernizing\_Taxation\_Fraud\_Detection\_and\_Revenue\_Management\_in\_Public\_Institutions\_Using\_AI-Driven\_Approaches}
}

@misc{phanRAGVsLong2024,
  title = {{{RAG}} vs. {{Long Context}}: {{Examining Frontier Large Language Models}} for {{Environmental Review Document Comprehension}}},
  author = {Phan, Hung and Acharya, Anurag and Chaturvedi, Sarthak and Sharma, Shivam and Parker, Mike and Nally, Dan and Jannesari, Ali and Pazdernik, Karl and Halappanavar, Mahantesh and Munikoti, Sai and Horawalavithana, Sameera},
  year = {2024},
  number = {arXiv:2407.07321},
  eprint = {2407.07321},
  primaryclass = {cs},
  publisher = {arXiv},
  doi = {10.48550/arXiv.2407.07321},
  archiveprefix = {arXiv}
}

@misc{poloLegalNLPNaturalLanguage2021,
  title = {{{LegalNLP}} -- {{Natural Language Processing}} Methods for the {{Brazilian Legal Language}}},
  author = {Polo, Felipe Maia and Mendon{\c c}a, Gabriel Caiaffa Floriano and Parreira, Kau{\^e} Capellato J. and Gianvechio, Lucka and Cordeiro, Peterson and Ferreira, Jonathan Batista and de Lima, Leticia Maria Paz and Maia, Ant{\^o}nio Carlos do Amaral and Vicente, Renato},
  year = {2021},
  number = {arXiv:2110.15709},
  eprint = {2110.15709},
  primaryclass = {cs},
  publisher = {arXiv},
  doi = {10.48550/arXiv.2110.15709},
  archiveprefix = {arXiv}
}

@misc{ProposalREGULATIONEUROPEAN2021,
  title = {Proposal for a {{REGULATION OF THE EUROPEAN PARLIAMENT AND OF THE COUNCIL LAYING DOWN HARMONISED RULES ON ARTIFICIAL INTELLIGENCE}} ({{ARTIFICIAL INTELLIGENCE ACT}}) {{AND AMENDING CERTAIN UNION LEGISLATIVE ACTS}}},
  year = {2021},
  author = {European Commission},
}

@misc{tuel_art147bis,
  title        = {Testo unico delle leggi sull'ordinamento degli enti locali (TUEL)},
  key = {{Gazzetta Ufficiale}},
  howpublished = {Decreto Legislativo 18 agosto 2000, n. 267},
  date         = {2000-08-18},
  year = {2000},
  note         = {Pubblicato nella Gazzetta Ufficiale n. 227 del 28 settembre 2000 - Supplemento Ordinario n. 162. Si fa riferimento specifico all'Art. 147-bis ("Controllo di regolarità amministrativa e contabile"). Testo vigente.},
  
}


@article{qinSurveyMultilingualLarge2025,
  title = {A Survey of Multilingual Large Language Models},
  author = {Qin, Libo and Chen, Qiguang and Zhou, Yuhang and Chen, Zhi and Li, Yinghui and Liao, Lizi and Li, Min and Che, Wanxiang and Yu, Philip S.},
  year = {2025},
  journal = {Patterns},
  volume = {6},
  number = {1},
  pages = {101118},
  issn = {2666-3899},
  doi = {10.1016/j.patter.2024.101118}
}

@article{quevedoLegalNaturalLanguage2024,
  title = {Legal {{Natural Language Processing From}} 2015 to 2022: {{A Comprehensive Systematic Mapping Study}} of {{Advances}} and {{Applications}}},
  author = {Quevedo, Ernesto and Cerny, Tomas and Rodriguez, Alejandro and Rivas, Pablo and Yero, Jorge and Sooksatra, Korn and Zhakubayev, Alibek and Taibi, Davide},
  year = {2024},
  journal = {IEEE Access},
  volume = {12},
  pages = {145286--145317},
  issn = {2169-3536},
  doi = {10.1109/ACCESS.2023.3333946}
}

@misc{rawalResponsibleArtificialIntelligence2025,
  title = {Responsible {{Artificial Intelligence}} ({{RAI}}) in {{U}}.{{S}}. {{Federal Government}} : {{Principles}}, {{Policies}}, and {{Practices}}},
  author = {Rawal, Atul and Johnson, Katie and Mitchell, Curtis and Walton, Michael and Nwankwo, Diamond},
  year = {2025},
  number = {arXiv:2502.03470},
  eprint = {2502.03470},
  primaryclass = {cs},
  publisher = {arXiv},
  doi = {10.48550/arXiv.2502.03470},
  archiveprefix = {arXiv}
}

@article{savelkaUnreasonableEffectivenessLarge2023,
  title = {The Unreasonable Effectiveness of Large Language Models in Zero-Shot Semantic Annotation of Legal Texts},
  author = {Savelka, Jaromir and Ashley, Kevin D.},
  year = {2023},
  journal = {Frontiers in Artificial Intelligence},
  volume = {6},
  pages = {1279794},
  issn = {2624-8212},
  doi = {10.3389/frai.2023.1279794}
}

@techreport{schwartzStandardIdentifyingManaging2022,
  title = {Towards a Standard for Identifying and Managing Bias in Artificial Intelligence},
  author = {Schwartz, Reva and Vassilev, Apostol and Greene, Kristen and Perine, Lori and Burt, Andrew and Hall, Patrick},
  year = {2022},
  number = {NIST SP 1270},
  pages = {NIST SP 1270},
  address = {Gaithersburg, MD},
  institution = {{National Institute of Standards and Technology (U.S.)}},
  doi = {10.6028/NIST.SP.1270}
}

@article{sobrino-garciaArtificialIntelligenceRisks2021,
  title = {Artificial {{Intelligence Risks}} and {{Challenges}} in the {{Spanish Public Administration}}: {{An Exploratory Analysis}} through {{Expert Judgements}}},
  author = {{Sobrino-Garc{\'i}a}, Itziar},
  year = {2021},
  journal = {Administrative Sciences},
  volume = {11},
  number = {3},
  pages = {102},
  issn = {2076-3387},
  doi = {10.3390/admsci11030102},
  copyright = {https://creativecommons.org/licenses/by/4.0/}
}

@article{stevensTheoryTrustAcceptance2023,
  title = {Theory of {{Trust}} and {{Acceptance}} of {{Artificial Intelligence Technology}} ({{TrAAIT}}): {{An Instrument}} to {{Assess Clinician Trust}} and {{Acceptance}} of {{Artificial Intelligence}}},
  author = {Stevens, Alexander F and Stetson, Pete},
  year = {2023},
  journal = {Journal of biomedical informatics},
  volume = {148},
  pages = {104550},
  issn = {1532-0464},
  doi = {10.1016/j.jbi.2023.104550}
}

@article{straubArtificialIntelligenceGovernment2023,
  title = {Artificial Intelligence in Government: {{Concepts}}, Standards, and a Unified Framework},
  author = {Straub, Vincent J. and Morgan, Deborah and Bright, Jonathan and Margetts, Helen},
  year = {2023},
  journal = {Government Information Quarterly},
  volume = {40},
  number = {4},
  pages = {101881},
  issn = {0740624X},
  doi = {10.1016/j.giq.2023.101881}
}

@misc{vaswaniAttentionAllYou2023,
  title = {Attention {{Is All You Need}}},
  author = {Vaswani, Ashish and Shazeer, Noam and Parmar, Niki and Uszkoreit, Jakob and Jones, Llion and Gomez, Aidan N. and Kaiser, Lukasz and Polosukhin, Illia},
  year = {2023},
  number = {arXiv:1706.03762},
  eprint = {1706.03762},
  primaryclass = {cs},
  publisher = {arXiv},
  doi = {10.48550/arXiv.1706.03762},
  archiveprefix = {arXiv}
}

@misc{vatsalSurveyPromptEngineering2024,
  title = {A {{Survey}} of {{Prompt Engineering Methods}} in {{Large Language Models}} for {{Different NLP Tasks}}},
  author = {Vatsal, Shubham and Dubey, Harsh},
  year = {2024},
  number = {arXiv:2407.12994},
  eprint = {2407.12994},
  primaryclass = {cs},
  publisher = {arXiv},
  doi = {10.48550/arXiv.2407.12994},
  archiveprefix = {arXiv}
}

@article{wangLargeLanguageModels2024,
  title = {Large Language Models and Their Application in Government Affairs},
  author = {Wang, Yun and Hu, Min and Ta, Na and Sun, Haitao and Guo, Yifeng and Zhou, Wuai and Guo, Yu and Zhang, Wanzhe and Feng, Jianhua},
  year = {2024},
  journal = {Journal of Tsinghua University (Science and Technology)},
  volume = {64},
  number = {4},
  pages = {649--658},
  publisher = {清华大学出版社},
  issn = {1000-0054},
  doi = {10.16511/j.cnki.qhdxxb.2023.26.042}
}

@article{weertsGenerativeAIPublic2025,
  title = {Generative {{AI}} in Public Administration in Light of the Regulatory Awakening in the {{US}} and {{EU}}},
  author = {Weerts, Sophie},
  year = {2025},
  journal = {Cambridge Forum on AI: Law and Governance},
  volume = {1},
  pages = {e3},
  issn = {3033-3733},
  doi = {10.1017/cfl.2024.10}
}

@misc{weiEmergentAbilitiesLarge2022,
  title = {Emergent {{Abilities}} of {{Large Language Models}}},
  author = {Wei, Jason and Tay, Yi and Bommasani, Rishi and Raffel, Colin and Zoph, Barret and Borgeaud, Sebastian and Yogatama, Dani and Bosma, Maarten and Zhou, Denny and Metzler, Donald and Chi, Ed H. and Hashimoto, Tatsunori and Vinyals, Oriol and Liang, Percy and Dean, Jeff and Fedus, William},
  year = {2022},
  number = {arXiv:2206.07682},
  eprint = {2206.07682},
  primaryclass = {cs},
  archiveprefix = {arXiv}
}

@misc{yuLegalPromptingTeaching2022,
  title = {Legal {{Prompting}}: {{Teaching}} a {{Language Model}} to {{Think Like}} a {{Lawyer}}},
  author = {Yu, Fangyi and Quartey, Lee and Schilder, Frank},
  year = {2022},
  number = {arXiv:2212.01326},
  eprint = {2212.01326},
  primaryclass = {cs},
  publisher = {arXiv},
  doi = {10.48550/arXiv.2212.01326},
  archiveprefix = {arXiv}
}

@misc{zhaoSurveyLargeLanguage2025,
  title = {A {{Survey}} of {{Large Language Models}}},
  author = {Zhao, Wayne Xin and Zhou, Kun and Li, Junyi and Tang, Tianyi and Wang, Xiaolei and Hou, Yupeng and Min, Yingqian and Zhang, Beichen and Zhang, Junjie and Dong, Zican and Du, Yifan and Yang, Chen and Chen, Yushuo and Chen, Zhipeng and Jiang, Jinhao and Ren, Ruiyang and Li, Yifan and Tang, Xinyu and Liu, Zikang and Liu, Peiyu and Nie, Jian-Yun and Wen, Ji-Rong},
  year = {2025},
  number = {arXiv:2303.18223},
  eprint = {2303.18223},
  primaryclass = {cs},
  publisher = {arXiv},
  doi = {10.48550/arXiv.2303.18223},
  archiveprefix = {arXiv}
}

@misc{zouDOCBENCHBenchmarkEvaluating2024,
  title = {{{DOCBENCH}}: {{A Benchmark}} for {{Evaluating LLM-based Document Reading Systems}}},
  author = {Zou, Anni and Yu, Wenhao and Zhang, Hongming and Ma, Kaixin and Cai, Deng and Zhang, Zhuosheng and Zhao, Hai and Yu, Dong},
  year = {2024},
  number = {arXiv:2407.10701},
  eprint = {2407.10701},
  primaryclass = {cs},
  publisher = {arXiv},
  doi = {10.48550/arXiv.2407.10701},
  archiveprefix = {arXiv}
}
@book{prince2023understanding,
    author = "Simon J.D. Prince",
    title = "Understanding Deep Learning",
    publisher = "The MIT Press",
    year = 2023,
    url = "http://udlbook.com"
}
@misc{lewisRetrievalAugmentedGenerationKnowledgeIntensive2021,
  title = {Retrieval-{{Augmented Generation}} for {{Knowledge-Intensive NLP Tasks}}},
  author = {Lewis, Patrick and Perez, Ethan and Piktus, Aleksandra and Petroni, Fabio and Karpukhin, Vladimir and Goyal, Naman and K{\"u}ttler, Heinrich and Lewis, Mike and Yih, Wen-tau and Rockt{\"a}schel, Tim and Riedel, Sebastian and Kiela, Douwe},
  year = {2021},
  number = {arXiv:2005.11401},
  eprint = {2005.11401},
  primaryclass = {cs},
  publisher = {arXiv},
  archiveprefix = {arXiv}
}

@article{siinoExploringLLMsApplications2025,
  author={Siino, Marco and Falco, Mariana and Croce, Daniele and Rosso, Paolo},
  journal={IEEE Access}, 
  title={Exploring LLMs Applications in Law: A Literature Review on Current Legal NLP Approaches}, 
  year={2025},
  volume={13},
  number={},
  pages={18253-18276},
  abstract={Artificial Intelligence (AI) is reshaping the legal landscape, with software tools now impacting various aspects of legal work. The intersection of Natural Language Processing (NLP) and law holds potential to transform how legal professionals, including lawyers and judges, operate, resolve disputes, and retrieve case information to formulate their decisions. To identify the current state of the applications of Transformers (also known as Large Language Models or LLMs) in the legal domain, we analysed the existing literature from 2017 to 2023 through a database search and snowballing method. From 61 selected publications, we identified key application categories such as legal document analysis, case prediction, and contract review, along with their main characteristics. We observed a discernible upsurge in the volume of scholarly publications, a diversification of tasks undertaken (e.g., legal research, contract analysis, and regulatory compliance), and an increased range of languages considered. There has been a notable enhancement in the methodological sophistication employed by researchers in practical applications. The performance of models grounded in the Generative Pre-trained Transformer (GPT) architecture has consistently improved across various legal domains, including contract review, legal document summarization, and case outcome prediction. This paper makes several significant contributions to the field. Firstly, it identifies emerging trends in the application of LLMs within the legal domain, highlighting the growing interest and investment in this area. Secondly, it pinpoints methodological gaps in current research, suggesting areas where further development and refinement are needed. Lastly, it discusses the broader implications of these advancements for real-world legal tasks, offering insights into how LLM-based AI can enhance legal practice while addressing the associated challenges.},
  keywords={Law;Artificial intelligence;Transformers;Systematic literature review;Contracts;Attention mechanisms;Databases;Reliability;Question answering (information retrieval);Quality assessment;Natural language processing;law;AI for law;legal NLP;legal tech;GPT;transformers;literature review},
  doi={10.1109/ACCESS.2025.3533217},
  ISSN={2169-3536},
  month={},}
@misc{gholami2021surveyquantizationmethodsefficient,
      title={A Survey of Quantization Methods for Efficient Neural Network Inference}, 
      author={Amir Gholami and Sehoon Kim and Zhen Dong and Zhewei Yao and Michael W. Mahoney and Kurt Keutzer},
      year={2021},
      eprint={2103.13630},
      archivePrefix={arXiv},
      primaryClass={cs.CV},
      url={https://arxiv.org/abs/2103.13630}, 
}
@inproceedings{
li2024evaluating,
title={Evaluating Quantized Large Language Models},
author={Shiyao Li and Xuefei Ning and Luning Wang and Tengxuan Liu and Xiangsheng Shi and Shengen Yan and Guohao Dai and Huazhong Yang and Yu Wang},
booktitle={Forty-first International Conference on Machine Learning},
year={2024},
url={https://openreview.net/forum?id=DKKg5EFAFr}
}